%% This BibTeX bibliography file was created using BibDesk.
%% http://bibdesk.sourceforge.net/

%% Created for Juste Raimbault at 2017-10-04 10:00:26 +0200 


%% Saved with string encoding Unicode (UTF-8) 



@Article{Zhang2018,
author="Zhang, Qian
and Karsai, M{\'a}rton
and Vespignani, Alessandro",
title="Link transmission centrality in large-scale social networks",
journal="EPJ Data Science",
year="2018",
month="Sep",
day="14",
volume="7",
number="1",
pages="33",
abstract="Understanding the importance of links in transmitting information in a network can provide ways to hinder or postpone ongoing dynamical phenomena like the spreading of epidemic or the diffusion of information. In this work, we propose a new measure based on stochastic diffusion processes, the transmission centrality, that captures the importance of links by estimating the average number of nodes to whom they transfer information during a global spreading diffusion process. We propose a simple algorithmic solution to compute transmission centrality and to approximate it in very large networks at low computational cost. Finally we apply transmission centrality in the identification of weak ties in three large empirical social networks, showing that this metric outperforms other centrality measures in identifying links that drive spreading processes in a social network.",
issn="2193-1127",
doi="10.1140/epjds/s13688-018-0162-8",
url="https://doi.org/10.1140/epjds/s13688-018-0162-8",
file={Docs/s13688-018-0162-8.pdf}
}




@article{gross2006epidemic,
  title={Epidemic dynamics on an adaptive network},
  author={Gross, Thilo and D’Lima, Carlos J Dommar and Blasius, Bernd},
  journal={Physical review letters},
  volume={96},
  number={20},
  pages={208701},
  year={2006},
  publisher={APS}
}


@article{valente2005network,
  title={Network models and methods for studying the diffusion of innovations},
  author={Valente, Thomas W},
  journal={Models and methods in social network analysis},
  volume={28},
  pages={98},
  year={2005},
  publisher={Cambridge University Press New York, NY}
}

@article{fuentes1999cellular,
  title={Cellular automata and epidemiological models with spatial dependence},
  author={Fuentes, MA and Kuperman, MN},
  journal={Physica A: Statistical Mechanics and its Applications},
  volume={267},
  number={3-4},
  pages={471--486},
  year={1999},
  publisher={Elsevier}
}


@article{keeling1999effects,
  title={The effects of local spatial structure on epidemiological invasions},
  author={Keeling, Matthew J},
  journal={Proceedings of the Royal Society of London B: Biological Sciences},
  volume={266},
  number={1421},
  pages={859--867},
  year={1999},
  publisher={The Royal Society}
}



@article{brunsdon1998geographically,
  title={Geographically weighted regression},
  author={Brunsdon, Chris and Fotheringham, Stewart and Charlton, Martin},
  journal={Journal of the Royal Statistical Society: Series D (The Statistician)},
  volume={47},
  number={3},
  pages={431--443},
  year={1998},
  publisher={Wiley Online Library}
}




@article{lichstein2002spatial,
  title={Spatial autocorrelation and autoregressive models in ecology},
  author={Lichstein, Jeremy W and Simons, Theodore R and Shriner, Susan A and Franzreb, Kathleen E},
  journal={Ecological monographs},
  volume={72},
  number={3},
  pages={445--463},
  year={2002},
  publisher={Wiley Online Library}
}




@book{mahajan1985models,
  title={Models for innovation diffusion},
  author={Mahajan, Vijay and Peterson, Robert A},
  volume={48},
  year={1985},
  publisher={Sage}
}



@article{meade2006modelling,
  title={Modelling and forecasting the diffusion of innovation--A 25-year review},
  author={Meade, Nigel and Islam, Towhidul},
  journal={International Journal of forecasting},
  volume={22},
  number={3},
  pages={519--545},
  year={2006},
  publisher={Elsevier}
}




@article{bouckaert2012mapping,
  title={Mapping the origins and expansion of the Indo-European language family},
  author={Bouckaert, Remco and Lemey, Philippe and Dunn, Michael and Greenhill, Simon J and Alekseyenko, Alexander V and Drummond, Alexei J and Gray, Russell D and Suchard, Marc A and Atkinson, Quentin D},
  journal={Science},
  volume={337},
  number={6097},
  pages={957--960},
  year={2012},
  publisher={American Association for the Advancement of Science}
}



@inproceedings{raimbault2017identification,
  title={Identification de causalit{\'e}s dans des donn{\'e}es spatio-temporelles},
  author={Raimbault, Juste},
  booktitle={Spatial Analysis and GEOmatics 2017},
  year={2017}
}




@incollection{le2018aggregate,
  title={Aggregate and disaggregate dynamic spatial interaction approaches to modeling coin diffusion},
  author={Le Texier, Marion and Caruso, Geoffrey},
  booktitle={Spatial Analysis and Location Modeling in Urban and Regional Systems},
  pages={193--222},
  year={2018},
  publisher={Springer}
}


@article{raimbault2018calibration,
  title={Calibration of a density-based model of urban morphogenesis},
  author={Raimbault, Juste},
  journal={PloS one},
  volume={13},
  number={9},
  pages={e0203516},
  year={2018},
  publisher={Public Library of Science}
}


@phdthesis{finance2016villes,
  title={Les villes fran{\c{c}}aises investies par les firmes transnationales {\'e}trang{\`e}res: des r{\'e}seaux d'entreprises aux {\'e}tablissements localis{\'e}s},
  author={Finance, Olivier},
  year={2016},
  school={Universit{\'e} paris 1 Panth{\'e}on-La Sorbonne}
}



@incollection{pumain2018evolutionary,
	Author = {Pumain, Denise},
	Booktitle = {International and Transnational Perspectives on Urban Systems},
	File = {:/home/raimbault/ComplexSystems/CityNetwork/Biblio/Docs/UrbanSystems/10.1007@978-981-10-7799-91.pdf:PDF},
	Pages = {3--18},
	Publisher = {Springer},
	Title = {An Evolutionary Theory of Urban Systems},
	Year = {2018}}




@inproceedings{sonis1983spatio,
  title={Spatio-temporal spread of competitive innovations: an ecological approach},
  author={Sonis, Michael},
  booktitle={Papers of the Regional Science Association},
  volume={52},
  number={1},
  pages={159--174},
  year={1983},
  organization={Springer}
}


@phdthesis{bretagnolle2009villes,
  title={Villes et r{\'e}seaux de transport: des interactions dans la longue dur{\'e}e (France, Europe, Etats-Unis)},
  author={Bretagnolle, Anne},
  year={2009},
  school={Universit{\'e} Panth{\'e}on-Sorbonne-Paris I}
}


@article{li2014disambiguation,
  title={Disambiguation and co-authorship networks of the US patent inventor database (1975--2010)},
  author={Li, Guan-Cheng and Lai, Ronald and D’Amour, Alexander and Doolin, David M and Sun, Ye and Torvik, Vetle I and Amy, Z Yu and Fleming, Lee},
  journal={Research Policy},
  volume={43},
  number={6},
  pages={941--955},
  year={2014},
  publisher={Elsevier}
}


@article{bergeaud2017classifying,
  title={Classifying patents based on their semantic content},
  author={Bergeaud, Antonin and Potiron, Yoann and Raimbault, Juste},
  journal={PloS one},
  volume={12},
  number={4},
  pages={e0176310},
  year={2017},
  publisher={Public Library of Science}
}


@article{albuquerque2007spatiotemporal,
  title={A spatiotemporal analysis of the global diffusion of ISO 9000 and ISO 14000 certification},
  author={Albuquerque, Paulo and Bronnenberg, Bart J and Corbett, Charles J},
  journal={Management science},
  volume={53},
  number={3},
  pages={451--468},
  year={2007},
  publisher={INFORMS}
}


@article{grubler1996time,
  title={Time for a change: on the patterns of diffusion of innovation},
  author={Gr{\"u}bler, Arnulf},
  journal={Daedalus},
  volume={125},
  number={3},
  pages={19--42},
  year={1996},
  publisher={JSTOR}
}





@article{favaro2011gibrat,
	Author = {Favaro, Jean-Marc and Pumain, Denise},
	Journal = {Geographical Analysis},
	Number = {3},
	Pages = {261--286},
	Title = {Gibrat Revisited: An Urban Growth Model Incorporating Spatial Interaction and Innovation Cycles.},
	Volume = {43},
	Year = {2011}}




@article{brown1975market,
  title={The market and infrastructure context of adoption: a spatial perspective on the diffusion of innovation},
  author={Brown, Lawrence A},
  journal={Economic Geography},
  volume={51},
  number={3},
  pages={185--216},
  year={1975},
  publisher={Taylor \& Francis},
  file={Docs/brown75.pdf}
}


@ARTICLE{2018arXiv180707637T,
   author = {{T{\'o}th}, G. and {Juh{\'a}sz}, S. and {Elekes}, Z. and {Lengyel}, B.
	},
    title = "{Inventor collaboration and its persistence across European regions}",
  journal = {ArXiv e-prints},
archivePrefix = "arXiv",
   eprint = {1807.07637},
 primaryClass = "physics.soc-ph",
 keywords = {Physics - Physics and Society},
     year = 2018,
    month = jul,
   adsurl = {http://adsabs.harvard.edu/abs/2018arXiv180707637T},
  adsnote = {Provided by the SAO/NASA Astrophysics Data System},
  file={Docs/1807.07637.pdf}
}




@ARTICLE{2018arXiv180707887B,
   author = {{Balland}, P.-A. and {Jara-Figueroa}, C. and {Petralia}, S. and 
	{Steijn}, M. and {Rigby}, D. and {Hidalgo}, C.~A.},
    title = "{Complex Economic Activities Concentrate in Large Cities}",
  journal = {ArXiv e-prints},
archivePrefix = "arXiv",
   eprint = {1807.07887},
 primaryClass = "physics.soc-ph",
 keywords = {Physics - Physics and Society, Computer Science - Social and Information Networks},
     year = 2018,
    month = jul,
   adsurl = {http://adsabs.harvard.edu/abs/2018arXiv180707887B},
  adsnote = {Provided by the SAO/NASA Astrophysics Data System},
  file={Docs/1807.07887.pdf}
}



@Article{DjurdjevacConrad2018,
author="Djurdjevac Conrad, Nata{\v{s}}a
and Helfmann, Luzie
and Zonker, Johannes
and Winkelmann, Stefanie
and Sch{\"u}tte, Christof",
title="Human mobility and innovation spreading in ancient times: a stochastic agent-based simulation approach",
journal="EPJ Data Science",
year="2018",
month="Jul",
day="13",
volume="7",
number="1",
pages="24",
abstract="Human mobility always had a great influence on the spreading of cultural, social and technological ideas. Developing realistic models that allow for a better understanding, prediction and control of such coupled processes has gained a lot of attention in recent years. However, the modeling of spreading processes that happened in ancient times faces the additional challenge that available knowledge and data is often limited and sparse. In this paper, we present a new agent-based model for the spreading of innovations in the ancient world that is governed by human movements. Our model considers the diffusion of innovations on a spatial network that is changing in time, as the agents are changing their positions. Additionally, we propose a novel stochastic simulation approach to produce spatio-temporal realizations of the spreading process that are instructive for studying its dynamical properties and exploring how different influences affect its speed and spatial evolution.",
issn="2193-1127",
doi="10.1140/epjds/s13688-018-0153-9",
url="https://doi.org/10.1140/epjds/s13688-018-0153-9",
file={Docs/s13688-018-0153-9.pdf}
}



@article{wejnert2002integrating,
	Author = {Wejnert, Barbara},
	Date-Added = {2017-10-04 07:59:20 +0000},
	Date-Modified = {2017-10-04 07:59:20 +0000},
	Journal = {Annual review of sociology},
	Title = {Integrating models of diffusion of innovations: A conceptual framework},
	Volume = {28},
	Year = {2002},
	Bdsk-File-1 = {YnBsaXN0MDDUAQIDBAUGJCVYJHZlcnNpb25YJG9iamVjdHNZJGFyY2hpdmVyVCR0b3ASAAGGoKgHCBMUFRYaIVUkbnVsbNMJCgsMDxJXTlMua2V5c1pOUy5vYmplY3RzViRjbGFzc6INDoACgAOiEBGABIAFgAdccmVsYXRpdmVQYXRoWWFsaWFzRGF0YV8QJURvY3MvYW5udXJldi5zb2MuMjguMTEwNjAxLjE0MTA1MS5wZGbSFwsYGVdOUy5kYXRhTxECGAAAAAACGAACAAAMTWFjaW50b3NoIEhEAAAAAAAAAAAAAAAAAAAA1S11EUgrAAAAIVmRH2FubnVyZXYuc29jLjI4LjExMDYwIzIxNUFCRi5wZGYAAAAAAAAAAAAAAAAAAAAAAAAAAAAAAAAAAAAAAAAAAAAhWr/V+mFsAAAAAAAAAAAAAQADAAAJIAAAAAAAAAAAAAAAAAAAAAREb2NzABAACAAA1S1Y8QAAABEACAAA1fpFTAAAAAEAGAAhWZEAIVmQACFZjwAKvekACak4AAZp3AACAG1NYWNpbnRvc2ggSEQ6VXNlcnM6AGp1c3RlOgBDb21wbGV4U3lzdGVtczoASW5ub3ZhdGlvbkRpZmZ1c2lvbjoAQmlibGlvOgBEb2NzOgBhbm51cmV2LnNvYy4yOC4xMTA2MCMyMTVBQkYucGRmAAAOAEIAIABhAG4AbgB1AHIAZQB2AC4AcwBvAGMALgAyADgALgAxADEAMAA2ADAAMQAuADEANAAxADAANQAxAC4AcABkAGYADwAaAAwATQBhAGMAaQBuAHQAbwBzAGgAIABIAEQAEgBbVXNlcnMvanVzdGUvQ29tcGxleFN5c3RlbXMvSW5ub3ZhdGlvbkRpZmZ1c2lvbi9CaWJsaW8vRG9jcy9hbm51cmV2LnNvYy4yOC4xMTA2MDEuMTQxMDUxLnBkZgAAEwABLwAAFQACAAz//wAAgAbSGxwdHlokY2xhc3NuYW1lWCRjbGFzc2VzXU5TTXV0YWJsZURhdGGjHR8gVk5TRGF0YVhOU09iamVjdNIbHCIjXE5TRGljdGlvbmFyeaIiIF8QD05TS2V5ZWRBcmNoaXZlctEmJ1Ryb290gAEACAARABoAIwAtADIANwBAAEYATQBVAGAAZwBqAGwAbgBxAHMAdQB3AIQAjgC2ALsAwwLfAuEC5gLxAvoDCAMMAxMDHAMhAy4DMQNDA0YDSwAAAAAAAAIBAAAAAAAAACgAAAAAAAAAAAAAAAAAAANN}}

@article{hagerstrand1968innovation,
	Author = {Hagerstrand, Torsten and others},
	Date-Added = {2017-10-04 07:56:45 +0000},
	Date-Modified = {2017-10-04 07:56:45 +0000},
	Journal = {Innovation diffusion as a spatial process.},
	Publisher = {Chicago, USA: Univ. Chicago Press.},
	Title = {Innovation diffusion as a spatial process.},
	Year = {1968}}

@article{mahajan1979integrating,
	Author = {Mahajan, Vijay and Peterson, Robert A},
	Date-Added = {2017-10-04 07:54:32 +0000},
	Date-Modified = {2017-10-04 07:54:32 +0000},
	Journal = {Technological forecasting and social change},
	Number = {3},
	Pages = {231--241},
	Publisher = {Elsevier},
	Title = {Integrating time and space in technological substitution models},
	Volume = {14},
	Year = {1979},
	Bdsk-File-1 = {YnBsaXN0MDDUAQIDBAUGJCVYJHZlcnNpb25YJG9iamVjdHNZJGFyY2hpdmVyVCR0b3ASAAGGoKgHCBMUFRYaIVUkbnVsbNMJCgsMDxJXTlMua2V5c1pOUy5vYmplY3RzViRjbGFzc6INDoACgAOiEBGABIAFgAdccmVsYXRpdmVQYXRoWWFsaWFzRGF0YV8QJURvY3MvMS1zMi4wLTAwNDAxNjI1Nzk5MDA3OTktbWFpbi5wZGbSFwsYGVdOUy5kYXRhTxECGAAAAAACGAACAAAMTWFjaW50b3NoIEhEAAAAAAAAAAAAAAAAAAAA1S11EUgrAAAAIVmRHzEtczIuMC0wMDQwMTYyNTc5OTAwIzIxNUE0RC5wZGYAAAAAAAAAAAAAAAAAAAAAAAAAAAAAAAAAAAAAAAAAAAAhWk3V+mBLAAAAAAAAAAAAAQADAAAJIAAAAAAAAAAAAAAAAAAAAAREb2NzABAACAAA1S1Y8QAAABEACAAA1fpEKwAAAAEAGAAhWZEAIVmQACFZjwAKvekACak4AAZp3AACAG1NYWNpbnRvc2ggSEQ6VXNlcnM6AGp1c3RlOgBDb21wbGV4U3lzdGVtczoASW5ub3ZhdGlvbkRpZmZ1c2lvbjoAQmlibGlvOgBEb2NzOgAxLXMyLjAtMDA0MDE2MjU3OTkwMCMyMTVBNEQucGRmAAAOAEIAIAAxAC0AcwAyAC4AMAAtADAAMAA0ADAAMQA2ADIANQA3ADkAOQAwADAANwA5ADkALQBtAGEAaQBuAC4AcABkAGYADwAaAAwATQBhAGMAaQBuAHQAbwBzAGgAIABIAEQAEgBbVXNlcnMvanVzdGUvQ29tcGxleFN5c3RlbXMvSW5ub3ZhdGlvbkRpZmZ1c2lvbi9CaWJsaW8vRG9jcy8xLXMyLjAtMDA0MDE2MjU3OTkwMDc5OS1tYWluLnBkZgAAEwABLwAAFQACAAz//wAAgAbSGxwdHlokY2xhc3NuYW1lWCRjbGFzc2VzXU5TTXV0YWJsZURhdGGjHR8gVk5TRGF0YVhOU09iamVjdNIbHCIjXE5TRGljdGlvbmFyeaIiIF8QD05TS2V5ZWRBcmNoaXZlctEmJ1Ryb290gAEACAARABoAIwAtADIANwBAAEYATQBVAGAAZwBqAGwAbgBxAHMAdQB3AIQAjgC2ALsAwwLfAuEC5gLxAvoDCAMMAxMDHAMhAy4DMQNDA0YDSwAAAAAAAAIBAAAAAAAAACgAAAAAAAAAAAAAAAAAAANN}}

@article{acs2002patents,
	Author = {Acs, Zoltan J and Anselin, Luc and Varga, Attila},
	Date-Added = {2017-10-04 07:52:11 +0000},
	Date-Modified = {2017-10-04 07:52:11 +0000},
	Journal = {Research policy},
	Number = {7},
	Pages = {1069--1085},
	Publisher = {Elsevier},
	Title = {Patents and innovation counts as measures of regional production of new knowledge},
	Volume = {31},
	Year = {2002},
	Bdsk-File-1 = {YnBsaXN0MDDUAQIDBAUGJCVYJHZlcnNpb25YJG9iamVjdHNZJGFyY2hpdmVyVCR0b3ASAAGGoKgHCBMUFRYaIVUkbnVsbNMJCgsMDxJXTlMua2V5c1pOUy5vYmplY3RzViRjbGFzc6INDoACgAOiEBGABIAFgAdccmVsYXRpdmVQYXRoWWFsaWFzRGF0YV8QJkRvY3MvMS1zMi4wLVMwMDQ4NzMzMzAxMDAxODQ2LW1haW4ucGRm0hcLGBlXTlMuZGF0YU8RAhoAAAAAAhoAAgAADE1hY2ludG9zaCBIRAAAAAAAAAAAAAAAAAAAANUtdRFIKwAAACFZkR8xLXMyLjAtUzAwNDg3MzMzMDEwMCMyMTVBMDMucGRmAAAAAAAAAAAAAAAAAAAAAAAAAAAAAAAAAAAAAAAAAAAAIVoD1fpfvAAAAAAAAAAAAAEAAwAACSAAAAAAAAAAAAAAAAAAAAAERG9jcwAQAAgAANUtWPEAAAARAAgAANX6Q5wAAAABABgAIVmRACFZkAAhWY8ACr3pAAmpOAAGadwAAgBtTWFjaW50b3NoIEhEOlVzZXJzOgBqdXN0ZToAQ29tcGxleFN5c3RlbXM6AElubm92YXRpb25EaWZmdXNpb246AEJpYmxpbzoARG9jczoAMS1zMi4wLVMwMDQ4NzMzMzAxMDAjMjE1QTAzLnBkZgAADgBEACEAMQAtAHMAMgAuADAALQBTADAAMAA0ADgANwAzADMAMwAwADEAMAAwADEAOAA0ADYALQBtAGEAaQBuAC4AcABkAGYADwAaAAwATQBhAGMAaQBuAHQAbwBzAGgAIABIAEQAEgBcVXNlcnMvanVzdGUvQ29tcGxleFN5c3RlbXMvSW5ub3ZhdGlvbkRpZmZ1c2lvbi9CaWJsaW8vRG9jcy8xLXMyLjAtUzAwNDg3MzMzMDEwMDE4NDYtbWFpbi5wZGYAEwABLwAAFQACAAz//wAAgAbSGxwdHlokY2xhc3NuYW1lWCRjbGFzc2VzXU5TTXV0YWJsZURhdGGjHR8gVk5TRGF0YVhOU09iamVjdNIbHCIjXE5TRGljdGlvbmFyeaIiIF8QD05TS2V5ZWRBcmNoaXZlctEmJ1Ryb290gAEACAARABoAIwAtADIANwBAAEYATQBVAGAAZwBqAGwAbgBxAHMAdQB3AIQAjgC3ALwAxALiAuQC6QL0Av0DCwMPAxYDHwMkAzEDNANGA0kDTgAAAAAAAAIBAAAAAAAAACgAAAAAAAAAAAAAAAAAAANQ}}

@article{2007cond.mat..3129C,
	Adsnote = {Provided by the SAO/NASA Astrophysics Data System},
	Adsurl = {http://adsabs.harvard.edu/abs/2007cond.mat..3129C},
	Author = {{Colizza}, V. and {Pastor-Satorras}, R. and {Vespignani}, A.},
	Date-Added = {2017-10-04 07:47:57 +0000},
	Date-Modified = {2017-10-04 07:47:57 +0000},
	Eprint = {cond-mat/0703129},
	Journal = {eprint arXiv:cond-mat/0703129},
	Keywords = {Condensed Matter - Statistical Mechanics, Quantitative Biology - Other},
	Month = mar,
	Title = {{Reaction-diffusion processes and metapopulation models in heterogeneous networks}},
	Year = 2007,
	Bdsk-File-1 = {YnBsaXN0MDDUAQIDBAUGJCVYJHZlcnNpb25YJG9iamVjdHNZJGFyY2hpdmVyVCR0b3ASAAGGoKgHCBMUFRYaIVUkbnVsbNMJCgsMDxJXTlMua2V5c1pOUy5vYmplY3RzViRjbGFzc6INDoACgAOiEBGABIAFgAdccmVsYXRpdmVQYXRoWWFsaWFzRGF0YV8QEERvY3MvMDcwMzEyOS5wZGbSFwsYGVdOUy5kYXRhTxEBxAAAAAABxAACAAAMTWFjaW50b3NoIEhEAAAAAAAAAAAAAAAAAAAA1S11EUgrAAAAIVmRCzA3MDMxMjkucGRmAAAAAAAAAAAAAAAAAAAAAAAAAAAAAAAAAAAAAAAAAAAAAAAAAAAAAAAAAAAAAAAAAAAAAAAhWYbV+l6aAAAAAAAAAAAAAQADAAAJIAAAAAAAAAAAAAAAAAAAAAREb2NzABAACAAA1S1Y8QAAABEACAAA1fpCegAAAAEAGAAhWZEAIVmQACFZjwAKvekACak4AAZp3AACAFlNYWNpbnRvc2ggSEQ6VXNlcnM6AGp1c3RlOgBDb21wbGV4U3lzdGVtczoASW5ub3ZhdGlvbkRpZmZ1c2lvbjoAQmlibGlvOgBEb2NzOgAwNzAzMTI5LnBkZgAADgAYAAsAMAA3ADAAMwAxADIAOQAuAHAAZABmAA8AGgAMAE0AYQBjAGkAbgB0AG8AcwBoACAASABEABIARlVzZXJzL2p1c3RlL0NvbXBsZXhTeXN0ZW1zL0lubm92YXRpb25EaWZmdXNpb24vQmlibGlvL0RvY3MvMDcwMzEyOS5wZGYAEwABLwAAFQACAAz//wAAgAbSGxwdHlokY2xhc3NuYW1lWCRjbGFzc2VzXU5TTXV0YWJsZURhdGGjHR8gVk5TRGF0YVhOU09iamVjdNIbHCIjXE5TRGljdGlvbmFyeaIiIF8QD05TS2V5ZWRBcmNoaXZlctEmJ1Ryb290gAEACAARABoAIwAtADIANwBAAEYATQBVAGAAZwBqAGwAbgBxAHMAdQB3AIQAjgChAKYArgJ2AngCfQKIApECnwKjAqoCswK4AsUCyALaAt0C4gAAAAAAAAIBAAAAAAAAACgAAAAAAAAAAAAAAAAAAALk}}
